pour un peu d'aide : 
https://www.overleaf.com/blog/532-creating-and-managing-bibliographies-with-bibtex-on-overleaf 
https://openclassrooms.com/fr/courses/1617396-redigez-des-documents-de-qualite-avec-latex/1620962-la-bibliographie



@inproceedings{rienDuTout,
    author = {},
    year = {},
    month = {},
    pages = {},
    title = {}
}


@article{Kaltenbacher2017,
	author = {Kaltenbacher, Manfred and Hüppe, Andreas and Reppenhagen, Aaron and Zenger, Florian and Becker, Stefan},
	title = {Computational Aeroacoustics for Rotating Systems with Application to an Axial Fan},
	journal = {AIAA Journal},
	volume = {55},
	number = {11},
	pages = {3831-3838},
	year = {2017},
	doi = {10.2514/1.J055931}
}

@article{Rienstra2008,
	title = {An analytic Green's function for a lined circular duct containing uniform mean flow},
	journal = {Journal of Sound and Vibration},
	volume = {317},
	number = {3},
	pages = {994-1016},
	year = {2008},
	issn = {0022-460X},
	doi = {https://doi.org/10.1016/j.jsv.2008.03.048},
	url = {https://www.sciencedirect.com/science/article/pii/S0022460X08002836},
	author = {Sjoerd W. Rienstra and Brian J. Tester},
}

@article{Dirac1953888,
  title   = "The lorentz transformation and absolute time",
  journal = "Physica ",
  volume  = "19",
  number  = "1-–12",
  pages   = "888--896",
  year    = "1953",
  doi     = "10.1016/S0031-8914(53)80099-6",
  author  = "P.A.M. Dirac"
}

@article{Feynman1963118,
  title   = "The theory of a general quantum system interacting with a linear dissipative system",
  journal = "Annals of Physics ",
  volume  = "24",
  pages   = "118--173",
  year    = "1963",
  doi     = "10.1016/0003-4916(63)90068-X",
  author  = "R.P Feynman and F.L {Vernon Jr.}"
}



@manual{
    OpenFOAM,
    title     = {{OpenFOAM} v1912 manual: the open source CFD toolbox},
    author    = {OpenCFD},
    year      = {2019},
    url       = {https://openfoam.com/documentation/guides/latest/doc/index.html},
}
@manual{
    Octave,
    title     = {{GNU Octave} version 5.2.0 manual: a high-level interactive language for numerical computations}},
    author    = {John W. Eaton and David Bateman and S{\o}ren Hauberg and Rik Wehbring},
    year      = {2017},
    url       = {https://octave.org/doc/v5.2.0/},
}

 
@inproceedings{Caro,
    title = {{A New CAA Formulation Based on Lighthill's Analogy Applied to an Idealized Automotive HVAC Blower Using AcuSolve and ACTRAN/LA}},
    author = {Stéphane Caro and Paul Ploumhans and Xavier Gallez and Robert Sandboge and Farzin Sahkib and Marcus Matthes},
    booktitle = {11th AIAA/CEAS Aeroacoustics Conference},
    chapter = {},
    pages = {},
    doi = {10.2514/6.2005-3015},
    URL = {https://arc.aiaa.org/doi/abs/10.2514/6.2005-3015},
    eprint = {https://arc.aiaa.org/doi/pdf/10.2514/6.2005-3015}
}


@article{Oberai,
	title = "Computational procedures for determining structural-acoustic response due to hydrodynamic sources",
	author = "Oberai, {Assad A.} and Farzam Roknaldin and Hughes, {Thomas J}",
	year = "2000",
	month = "10",
	day = "27",
	doi = "10.1016/S0045-7825(00)00206-1",
	language = "English (US)",
	volume = "190",
	pages = "345--361",
	journal = "Computer Methods in Applied Mechanics and Engineering",
	issn = "0374-2830",
	publisher = "Elsevier",
	number = "3-4",
}

@article{Gloerfelt,
	author = {Gloerfelt, Xavier},
	year = {2009},
	month = {01},
	pages = {},
	title = {NOISE FROM AUTOMOTIVE COMPONENTS}, 
    journal = {Aerodynamic noise from wall-bounded flows, coll. VKI Lectures}, 
}

@book{wagner_huttl_sagaut_2007,
    place={Cambridge}, 
	author = {Wagner, Claus Albrecht and Hüttl, Thomas and Sagaut, Pierre},
    series={Cambridge Aerospace Series}, 
    title={Large-Eddy Simulation for Acoustics}, 
    DOI={10.1017/CBO9780511546143}, 
    publisher={Cambridge University Press}, 
    year={2007}, 
    collection={Cambridge Aerospace Series},
    pages = {471},
}


@incollection{wagner_huttl_sagaut_2007_chap3,
    place={Cambridge}, 
	author = {Wagner, Claus Albrecht and Hüttl, Thomas and Sagaut, Pierre},
    series={Cambridge Aerospace Series}, 
    booktitle={Large-Eddy Simulation for Acoustics}, 
    DOI={10.1017/CBO9780511546143}, 
    publisher={Cambridge University Press}, 
    year={2007}, 
    collection={Cambridge Aerospace Series},
    title={{Chapter 3 - Theoretical Background: Large-Eddy Simulation}},
    pages = {89-126}, 
}

@incollection{wagner_huttl_sagaut_2007_chap6,
    place={Cambridge}, 
	author = {Wagner, Claus Albrecht and Hüttl, Thomas and Sagaut, Pierre},
    series={Cambridge Aerospace Series}, 
    booktitle={Large-Eddy Simulation for Acoustics}, 
    DOI={10.1017/CBO9780511546143}, 
    publisher={Cambridge University Press}, 
    year={2007}, 
    collection={Cambridge Aerospace Series},
    title={{Chapter 6 - Applications and Results of Large-Eddy Simulations for Acoustics}}, 
    pages = {238-376},
}

@PHDTHESIS{theseHao,
title = "Simulation Directe du Bruit Propre de Profil à Haut Nombre de Reynolds",
author = "Wu, Hao",
year = "2019",
school = "Université de Sherbrooke",
} 


@article{papaxanthosjsv,
  TITLE = {{Pressure-based integral formulations of Lighthill--Curle's analogy for internal aeroacoustics at low Mach numbers}},
  AUTHOR = {Papaxanthos, N. and Perrey-Debain, E. and Bennouna, S. and Ouedraogo, B. and Moreau, S. and Ville, J.M.},
  URL = {https://hal.archives-ouvertes.fr/hal-03211227},
  JOURNAL = {{Journal of Sound and Vibration}},
  PUBLISHER = {{Elsevier}},
  VOLUME = {393},
  PAGES = {176-186},
  YEAR = {2017},
  MONTH = Apr,
  DOI = {10.1016/j.jsv.2017.01.030},
  HAL_ID = {hal-03211227},
  HAL_VERSION = {v1},
}

@phdthesis{papaxanthos2016,
    TITLE = {{Integral methods for the calculation of the air flow noise in ducts in the presence of fixed obstacles}},
    AUTHOR = {Papaxanthos, Nicolas},
    URL = {https://tel.archives-ouvertes.fr/tel-01489272},
    NUMBER = {2016COMP2321},
    SCHOOL = {{Universit{\'e} de Technologie de Compi{\`e}gne}},
    YEAR = {2016},
    MONTH = Nov,
    KEYWORDS = {Aeroacoustics ; Fluid mechanics ; Mach number ; Turbulence ; Fluid dynamics ; Pipe ; Diffraction ; Fourier transformations ; Integrals ; Int{\'e}gral calculus ; Computer simulation ; LES incompressible ; Ribner ; Conduits ; Analogie de Lighthill ; Obstacles ; Formulations int{\'e}grales ; Simulation num{\'e}rique},
    PDF = {https://tel.archives-ouvertes.fr/tel-01489272/file/These_UTC_Nicolas_Papaxanthos.pdf},
    HAL_ID = {tel-01489272},
    HAL_VERSION = {v1},
    address = {Compiègne, France},
}

@PHDTHESIS{Saad,
  TITLE = {{Aeroacoustics characterization of elements and associations of automobile air ventilation systems}},
  AUTHOR = {Bennouna, Saâd},
  URL = {https://tel.archives-ouvertes.fr/tel-01466735},
  NUMBER = {2016COMP2303},
  SCHOOL = {{Universit{\'e} de Technologie de Compi{\`e}gne}},
  YEAR = {2016},
  MONTH = Sep,
  KEYWORDS = {Aeroacoustics ; Acoustical engineering ; Diaphragms ; Aeraulic ; Mod{\`e}le 2N-ports ; Diaphragme ; Association de diaphragmes ; Volets ; Mesures acoustiques},
  PDF = {https://tel.archives-ouvertes.fr/tel-01466735/file/These_UTC_Saad_Bennouna.pdf},
  HAL_ID = {tel-01466735},
  HAL_VERSION = {v1},
  PAGES = {149},
  address = {Compiègne, France},
}

@PHDTHESIS{theseSaad,
	url = "https://tel.archives-ouvertes.fr/tel-01466735",
	title = "Aeroacoustics characterization of elements and associations of automobile air ventilation systems",
	author = "Bennouna, Saad",
	year = "2016",
	pages = "149",
	school = {{Universit{\'e} de Technologie de Compi{\`e}gne}},
    address = {Compiègne, France},
}

@PHDTHESIS{theseFlo,
	title = "Modelling the vibrations generated by turbulent flows in ducts ",
	author = "Hugues, Florian",
	year = "2018",
	pages = "189",
	school = {{Universit{\'e} de Technologie de Compi{\`e}gne}},
    address = {Compiègne, France},
}

@PHDTHESIS{Hassen,
	url = "http://www.theses.fr/2011COMP1924",
	title = "Banc d'essai et procédure pour la caractérisation des éléments d'un SCA par un système 2N-ports avec écoulement : validation et application à des sources aéroacoustiques",
	author = "Trabelsi, Hassen",
	year = "2011",
	pages = "193",
	school = {{Universit{\'e} de Technologie de Compi{\`e}gne}},
    address = {Compiègne, France},
}

@article{JSV,
    author = {Papaxanthos, Nicolas and Perrey-Debain, Emmanuel and Bennouna, Saad and Ouedraogo, B. and Moreau, Solène and Ville, Jean-Michel},
    year = {2017},
    month = {01},
    pages = {},
    title = {Pressure-based integral formulations of Lighthill–Curle's analogy for internal aeroacoustics at low Mach numbers},
    volume = {393},
    journal = {Journal of Sound and Vibration},
    doi = {10.1016/j.jsv.2017.01.030}
}


@article{2nportsAbom,
    title = {CHARACTERIZATION OF FLUID MACHINES AS ACOUSTIC MULTI-PORT SOURCES},
    journal = {Journal of Sound and Vibration},
    volume = {197},
    number = {1},
    pages = {1-16},
    year = {1996},
    issn = {0022-460X},
    doi = {https://doi.org/10.1006/jsvi.1996.0514},
    url = {https://www.sciencedirect.com/science/article/pii/S0022460X96905143},
    author = {J. Lavrentjev and M. Åbom},
    abstract = {The aim of the work reported in this paper was to study the characterization of fluid machines (e.g., fans, pumps) as sources of fluid-borne sound in connected pipe or duct systems. Of special interest is the possibility of extending earlier published methods beyond the plane wave region: i.e., to include higher order modes effects. For machines which can be modelled as an acoustic multi-port source, a method which makes it possible to measure the source data is suggested together with a modal decomposition technique. In order to verify and test the measurement method and modal decomposition technique, measurements were first carried out on a small test-rig without flow, with an ordinary loudspeaker as a source. Then the method was tested on an axial fan mounted to the end of a duct. In both cases ten microphone positions, divided equally between two duct cross-sections, were used to separate the waves (five modes) into left- and right-going components. It was verified that the measured source data can be used to predict the sound field created by the fan at a given acoustic load.}
}




@masterthesis{myTn10,
    author = "de Reboul, Silouane",
    title  = "Rapport de stage de fin d'études - Aéroacoustique en conduit pour des écoulements à travers des obstacles fixes et mobiles", 
    school = "Université de Technologie de Compiègne, ESI-Group",
    year = "2019",
    addendum={non publié}
}


@book{ribner1962,  
    title={Aerodynamic sound from fluid dilatation: a theory of the sound from jets and other flows}, 
    publisher={University of Toronto, Institute of Aerophysics, Toronto, Ontario}, 
    author={Ribner, Herbert S}, 
    year={1962}, 
}


@article{Curle,
       author = {{Curle}, N.},
        title = "{The Influence of Solid Boundaries upon Aerodynamic Sound}",
      journal = {Proceedings of the Royal Society of London Series A},
         year = "1955",
        month = "Sep",
       volume = {231},
       number = {1187},
        pages = {505-514},
          doi = {10.1098/rspa.1955.0191},
       adsurl = {https://ui.adsabs.harvard.edu/abs/1955RSPSA.231..505C},
      adsnote = {Provided by the SAO/NASA Astrophysics Data System}
}

@inproceedings{Lighthill,
    author = {J. Lighthill, M},
    year = {1952},
    month = {03},
    pages = {564-587},
    title = {On Sound Generated Aerodynamically. I. General Theory},
    volume = {211},
    booktitle = {Proceedings of The Royal Society A: Mathematical, Physical and Engineering Sciences}
}

@article{FWH,
  title={Sound generation by turbulence and surfaces in arbitrary motion},
  author={J. E. Ffowcs Williams and D. L. Hawkings},
  journal={Philosophical Transactions of the Royal Society of London. Series A, Mathematical and Physical Sciences},
  year={1969},
  volume={264},
  pages={321 - 342}
}


@ARTICLE{Chu_justePourLesHyp,
       author = {{Chu}, B. -T. and {Kovasznay}, L.~S.~G.},
        title = "{Non-linear interactions in a viscous heat-conducting compressible gas}",
      journal = {Journal of Fluid Mechanics},
         year = 1957,
        month = jan,
       volume = {3},
        pages = {494-514},
          doi = {10.1017/S0022112058000148},
       adsurl = {https://ui.adsabs.harvard.edu/abs/1957JFM.....3..494C},
      adsnote = {Provided by the SAO/NASA Astrophysics Data System}
}

@article{Farassat_extrapolation,
title = "Extension of Kirchhoff's formula to radiation from moving surfaces",
journal = "Journal of Sound and Vibration",
volume = "123",
number = "3",
pages = "451 - 460",
year = "1988",
issn = "0022-460X",
doi = "https://doi.org/10.1016/S0022-460X(88)80162-7",
url = "http://www.sciencedirect.com/science/article/pii/S0022460X88801627",
author = "F. Farassat and M.K. Myers",
abstract = "Kirchhoff's formula for radiation from a closed surface has been used recently for prediction of the noise of high speed rotors and propellers. Because the closed surface on which the boundary data are prescribed in these cases is in motion, an extension of Kirchhoff's formula to this condition is required. In this paper such a formula, obtained originally by Morgans for the interior problem, is derived for regions exterior to surfaces moving at speeds below the wave propagation speed, by making use of some results of generalized function theory. It is shown that the usual Kirchhoff formula is a special case of the main result of the paper. The general result applieds to a deformable surface. However, the special form it assumes for a rigid surface in motion is also noted. Some possible areas of application of the formula to problems of current interest in aeroacoustics are discussed."
}


@article{Powell_vortexSoundTheory,
    author = {Powell,Alan },
    title = {Theory of Vortex Sound},
    journal = {The Journal of the Acoustical Society of America},
    volume = {36},
    number = {1},
    pages = {177-195},
    year = {1964},
    doi = {10.1121/1.1918931},
    URL = {https://doi.org/10.1121/1.1918931},
    eprint = {https://doi.org/10.1121/1.1918931}
}

@article{howe_vortexSoundTheory, 
    title={Contributions to the theory of aerodynamic sound, with application to excess jet noise and the theory of the flute}, 
    volume={71}, 
    DOI={10.1017/S0022112075002777}, 
    number={4}, 
    journal={Journal of Fluid Mechanics}, 
    publisher={Cambridge University Press}, 
    author={Howe, M. S.}, 
    year={1975}, 
    pages={625–673}
}



@article{JIANG2019172,
    title = "Tonal noise reduction by unevenly spaced blades in a forward-curved-blades centrifugal fan",
    journal = "Applied Acoustics",
    volume = "146",
    pages = "172 - 183",
    year = "2019",
    issn = "0003-682X",
    doi = "https://doi.org/10.1016/j.apacoust.2018.11.007",
    url = "http://www.sciencedirect.com/science/article/pii/S0003682X18303414",
    author = "Boyan Jiang and Jun Wang and Xiaopei Yang and Wei Wang and Yanyan Ding",
    keywords = "Forward-curved-blades centrifugal fan, Fan tonal noise, Computational aeroacoustics, Uneven blade spacing, Blade spacing modulation",
}

@article{BOLTEZAR1998697,
    title = {{The influence of uneven blade spacing on the SPL and noise spectra radiated from radial fans}},
    journal = "Journal of Sound and Vibration",
    volume = "216",
    number = "4",
    pages = "697 - 711",
    year = "1998",
    issn = "0022-460X",
    doi = "https://doi.org/10.1006/jsvi.1998.1707",
    url = "http://www.sciencedirect.com/science/article/pii/S0022460X98917072",
    author = "M. Boltezar and M. Mesaric and A. Kuhelj",
}

@inbook{SchlichtingTransition,
    author = {(Schlichting, Hermann and Gersten, Klaus},
    year = {2017},
    month = {10},
    pages = {415-496},
    title = {Onset of Turbulence (Stability Theory)},
    doi = {10.1007/978-3-662-52919-5_15}
}

@book{
    Glegg_Devenport_2017,
    title = "Aeroacoustics of Low Mach Number Flows",
    editor = " Glegg and William DevenportStewart",
    publisher = "Academic Press",
    year = "2017",
    author = "Stewart Glegg and William Devenport"
}
@incollection{
    Glegg_Devenport_2017_vortex,
    title = {{Chapter 7 - Vortex sound}},
    booktitle = "Aeroacoustics of Low Mach Number Flows",
    publisher = "Academic Press",
    pages = "137 - 162",
    year = "2017",
    isbn = "978-0-12-809651-2",
    doi = "https://doi.org/10.1016/B978-0-12-809651-2.00007-2",
    url = "http://www.sciencedirect.com/science/article/pii/B9780128096512000072",
    author = "Stewart Glegg and William Devenport"
}
@incollection{
    Glegg_Devenport_2017_turbulence,
    title = {{Chapter 8 - Turbulence and stochastic processes}},
    booktitle = "Aeroacoustics of Low Mach Number Flows",
    publisher = "Academic Press",
    pages = "163–184",
    year = "2017",
    isbn = "978-0-12-809651-2",
    doi = "https://doi.org/10.1016/B978-0-12-809651-2.00007-2",
    url={https://linkinghub.elsevier.com/retrieve/pii/B9780128096512000084}, 
    author = "Stewart Glegg and William Devenport"
}
@incollection{
    Glegg_Devenport_2017_equations,
    title = {{Chapter 2 - The Equations of fluid motion}},
    booktitle = "Aeroacoustics of Low Mach Number Flows",
    publisher = "Academic Press",
    pages = "9–48",
    year = "2017",
    isbn = "978-0-12-809651-2",
    DOI={10.1016/B978-0-12-809651-2.00002-3}, 
    url={https://linkinghub.elsevier.com/retrieve/pii/B9780128096512000023}, 
    author = "Stewart Glegg and William Devenport"
}



@article{WaleLES,
    author = {Franck, Nicoud and Ducros, Frédéric},
    year = {1999},
    month = {09},
    pages = {183-200},
    title = {Subgrid-Scale Stress Modelling Based on the Square of the Velocity Gradient Tensor},
    volume = {62},
    journal = {Flow Turbulence and Combustion},
    doi = {10.1023/A:1009995426001}
}


@article{SmagoLES,
author = {Smagorinsky, J.},
title = {General Circulation Experiments With The Primitive Equations},
journal = {Monthly Weather Review},
volume = {91},
number = {3},
pages = {99-164},
year = {1963}
}

@article{wilcox2006turbulence,
  title={Turbulence modeling for CFD. La Canada, CA: DCW Industries},
  author={Wilcox, David C},
  journal={Inc, November},
  year={2006}
}



@article{LBM_old,
    author = {Li, X. and Leung, Randolph and So, R.M.C.},
    year = {2006},
    month = {01},
    pages = {78-89},
    title = {{One-Step Aeroacoustics Simulation Using Lattice Boltzmann Method}},
    volume = {44},
    journal = {Aiaa Journal - AIAA J},
    doi = {10.2514/1.15993}
}

@article{LBM,
    author = {Li, X. M. and Leung, R. C. K. and So, R. M. C.},
    title = {{One-Step Aeroacoustics Simulation Using Lattice Boltzmann Method}},
    journal = {AIAA Journal},
    volume = {44},
    number = {1},
    pages = {78-89},
    year = {2006},
    doi = {10.2514/1.15993},
}

@inproceedings{LBM_Stephane,
    author = {Perot, Franck and Kim, Min-Suk and Moreau, Stéphane and Henner, M.},
    year = {2013},
    month = {05},
    pages = {},
    title = {{Axial fan noise aeroacoustics predictions and inflow effect on tonal noise using LBM}}, 
    booktitle = {Proceedings of 21st Annual Conference of the CFD Society of Canada}
}

@article{MARIE20091056,
title = {{Comparison between lattice Boltzmann method and Navier–Stokes high order schemes for computational aeroacoustics}},
journal = "Journal of Computational Physics",
volume = "228",
number = "4",
pages = "1056 - 1070",
year = "2009",
issn = "0021-9991",
doi = "https://doi.org/10.1016/j.jcp.2008.10.021",
url = "http://www.sciencedirect.com/science/article/pii/S002199910800538X",
author = "Simon Marié and Denis Ricot and Pierre Sagaut",
}

@misc{directiveEuropeenne,
  author       = {Parlement Européen},
  title        = {Directive 2003/10/CE},
  year         = {6 février 2003},
  utl          = {https://eur-lex.europa.eu/legal-content/FR/TXT/HTML/?uri=CELEX:32003L0010}
}



@article{goldstein_1978, 
    title={Unsteady vortical and entropic distortions of potential flows round arbitrary obstacles}, 
    volume={89}, 
    DOI={10.1017/S0022112078002682}, 
    number={3}, 
    journal={Journal of Fluid Mechanics}, 
    publisher={Cambridge University Press}, 
    author={Goldstein, M. E.}, 
    year={1978}, 
    pages={433–468}
}

@book{goldstein_1976,
  title={Aeroacoustics},
  author={Goldstein, M.E.},
  isbn={9780070236851},
  lccn={lc76044521},
  year={1976},
  pages = {293},
  publisher={McGraw-Hill International Book Company, New York}
}

@article{BAILLY2005666,
    title = "Some useful hybrid approaches for predicting aerodynamic noise",
    journal = "Comptes Rendus Mécanique",
    volume = "333",
    number = "9",
    pages = "666 - 675",
    year = "2005",
    note = "Computational AeroAcoustics: from acoustic sources modeling to farfield radiated noise prediction",
    issn = "1631-0721",
    doi = "https://doi.org/10.1016/j.crme.2005.07.006",
    url = "http://www.sciencedirect.com/science/article/pii/S163107210500118X",
    author = "Christophe Bailly and Christophe Bogey and Xavier Gloerfelt",
    keywords = "Acoustics, Computational acoustics, Lighthill's analogy, Ffowcs Williams and Hawkings analogy, Propagation in flows, Diffraction, Acoustique, Aéroacoustique numérique, Analogie de Lighthill, Analogie de Ffowcs Williams et Hawkings, Propagation en écoulement, Diffraction",
}

@article{PowellVortex,
    author = {Powell,Alan },
    title = {Theory of Vortex Sound},
    journal = {The Journal of the Acoustical Society of America},
    volume = {36},
    number = {1},
    pages = {177-195},
    year = {1964},
    doi = {10.1121/1.1918931},
    URL = {https://doi.org/10.1121/1.1918931 },
}

@article{Labourasse_ZonalHybrid,
    author = {Labourasse, Emmanuel and Sagaut, Pierre},
    year = {2002},
    month = {10},
    pages = {301-336},
    title = {{Reconstruction of Turbulent Fluctuations Using a Hybrid RANS/LES Approach}},
    volume = {182},
    journal = {Journal of Computational Physics},
    doi = {10.1006/jcph.2002.7169}
}

@article{Quemere_ZonalHybrid,
    author = {Quéméré, Patrick and Sagaut, Pierre},
    year = {2002},
    month = {11},
    pages = {903 - 925},
    title = {{Zonal multi‐domain RANS/LES simulations of turbulent flows}},
    volume = {40},
    journal = {International Journal for Numerical Methods in Fluids},
    doi = {10.1002/fld.381}
}


@article{syntheticTurbulence,
    author = {Batten, Paul and Goldberg, Uriel and Chakravarthy, Sukumar},
    title = {Interfacing Statistical Turbulence Closures with Large-Eddy Simulation},
    journal = {AIAA Journal},
    volume = {42},
    number = {3},
    pages = {485-492},
    year = {2004},
    doi = {10.2514/1.3496},
    URL = { https://doi.org/10.2514/1.3496},
    eprint = { https://doi.org/10.2514/1.3496}
}
@PHDTHESIS{SNGR,
    url = "http://www.theses.fr/1994ECAP0338",
    title = "Modélisation du rayonnement acoustique des écoulements turbulents libres subsoniques et supersoniques",
    author = "Bailly, Christophe",
    year = "1994",
    pages = "170",
    note = "Thèse de doctorat dirigée par Candel, Sébastien Acoustique, énergétique  Châtenay-Malabry, Ecole centrale de Paris 1994",
    school = {Ecole Centrale de Paris},
    address = {Paris, France},
}
@misc{Verhoerven_old,
    title = {{Trailing Edge Noise Simulations using IDDES in OpenFOAM}},
    author = "Verhoeven, Olivier",
    year = "2011",
    school = "Delft University of Technology",
    pages = 113,
}
@misc{Verhoerven,
  YEAR    = 2011,
  AUTHOR  = "Verhoeven, Olivier",
  SCHOOL  = "Delft University of Technology",
  PAGES   = 113,
  howpublished    = "Essai de maitrise, Delft University of Technology",
  title = {{Trailing Edge Noise Simulations using IDDES in OpenFOAM}},
}  


@inproceedings{CEVAS_SAE_old, 
    title={{Numerical Aeroacoustics Prediction of a Ducted Diaphragm Chaining RANS-LES and DES Results to a Parallel Boundary Element Method}}, 
    url={https://www.sae.org/content/2016-01-1810/}, 
    DOI={10.4271/2016-01-1810}, 
    author={Escouflaire, Marie and Zerbib, Nicolas and Mas, David and Papaxanthos, Nicolas and Bennouna, Saad and Perrey-Debain, Emmanuel and Ouedraogo, Boureima and Moreau, Solène and Ville, Jean Michel}, 
    year={2016}, 
    month={Jun}, 
    pages={2016-01–1810} 
}
@inproceedings{CEVAS_SAE,
    author="Marie Escouflaire and Nicolas Zerbib and David Mas and Nicolas Papaxanthos and Saad Bennouna and Emmanuel Perrey-Debain and Boureima Ouedraogo and Solène Moreau and Jean Michel Ville",
    journal="", 
    publisher="SAE International",
    title={{Numerical Aeroacoustics Prediction of a Ducted Diaphragm Chaining RANS-LES and DES Results to a Parallel Boundary Element Method}}, 
    booktitle="SAE Technical Paper",
    year="2016",
    month="06",
    url="https://doi.org/10.4271/2016-01-1810",
    doi="10.4271/2016-01-1810"
} 

@inproceedings{Hassen_CESAM,
  TITLE = {{M{\'e}thode de mesure de la matrice de diffusion multimodale d'obstacles complexes en pr{\'e}sence d'{\'e}coulement uniforme}},
  AUTHOR = {Trabelsi, Hassen and Zerbib, Nicolas and Ville, Jean-Michel and Foucart, F{\'e}lix},
  URL = {https://hal.archives-ouvertes.fr/hal-00539661},
  BOOKTITLE = {{10ème Congrès Français d'Acoustique}},
  ADDRESS = {Lyon, France},
  publisher = {SFA},
  YEAR = {2010},
  MONTH = Apr,
  PDF = {https://hal.archives-ouvertes.fr/hal-00539661/file/000160.pdf},
  HAL_ID = {hal-00539661},
  HAL_VERSION = {v1},
} H. Trabelsi, N. Zerbib, J.-M. Ville, F. Foucart – Méthode de mesure de la matrice de diffusion multimodale  d'obstacles  complexes  en  présence  d'écoulement  uniforme.  10ème  Congrès  Français d'Acoustique, Lyon, 2010



@inproceedings{Regou_old,
    author = {Koch, Régis and Sanjosé, Marlène and Moreau, Stéphane},
    year = {2019},
    month = {05},
    pages = {},
    title = {Numerical Investigation of Noise Sources in a Single Airfoil Tip-Leakage Flow},
    doi = {10.2514/6.2019-2625}
}


@inproceedings{Regou,
author = {Regis Koch and Marlene Sanjosé and Stephane Moreau},
title = {Numerical Investigation of Noise Sources in a Single Airfoil Tip-Leakage Flow},
booktitle = {25th AIAA/CEAS Aeroacoustics Conference},
chapter = {},
year = {2019},
pages = {},
doi = {10.2514/6.2019-2625},
URL = {https://arc.aiaa.org/doi/abs/10.2514/6.2019-2625},
eprint = {https://arc.aiaa.org/doi/pdf/10.2514/6.2019-2625}
}


@inproceedings{Pavou,
    author = {Sanjosé, Marlène and Kholodov, Pavel and Pérez Arroyo, Carlos and Moreau, Stéphane},
    year = {2019},
    month = {09},
    booktitle = {GPPS Beijing19 Proceedings },
    title = {{CFD Modeling of a Realistic Turbofan Blade for Noise Prediction. Part 2: Analytical Acoustic Predictions}},
    doi = {10.33737/gpps19-bj-224}
}

 
@article{Hao,
    title = "Trailing-edge broadband noise prediction of an airfoil with boundary-layer tripping",
    journal = "Journal of Sound and Vibration",
    volume = "482",
    pages = "115450",
    year = "2020",
    issn = "0022-460X",
    doi = "https://doi.org/10.1016/j.jsv.2020.115450",
    url = "http://www.sciencedirect.com/science/article/pii/S0022460X20302820",
    author = "Julian Winkler and Hao Wu and Stéphane Moreau and Thomas Carolus and Richard D. Sandberg",
    keywords = "Aeroacoustics, Airfoil noise, Large eddy simulations, Tripping"
}

@article{Gloerfelt_Bailly_Juve_2003, 
    title={Direct computation of the noise radiated by a subsonic cavity flow and application of integral methods}, 
    volume={266}, 
    ISSN={0022460X}, 
    DOI={10.1016/S0022-460X(02)01531-6},  
    number={1}, 
    journal={Journal of Sound and Vibration},
    author={Gloerfelt, X. and Bailly, C. and Juvé, D.}, 
    year={2003}, 
    month={Sep},
    pages={119–146}
}

@inproceedings{Fred_propeller, 
    title={{Numerical Simulation For Marine Propeller Hydroacoustics Using OpenFOAM}}, 
    author={Sengupta, Koushik and Saxena, Swati}, 
    pages={}, 
    year = {2018},
    booktitle = {Proceedings of ASME Turbo Expo 2018}
}


@article{Envia_2004,
    author = {Envia, Edmane and Wilson, Alexander and Huff, Dennis},
    year = {2004},
    month = {08},
    pages = {471-480},
    title = {{Fan noise: A challenge to CAA}},
    volume = {18},
    journal = {International Journal of Computational Fluid Dynamics},
    doi = {10.1080/10618560410001673489}
}

@article{URANS_Stephane_old,
    author = {Moreau, Stéphane and Hennery, M. and Casalino, Damiano and Gullbrand, Jessica and Iaccarino, Gianluca},
    year = {2006},
    month = {07},
    pages = {},
    title = {Toward the prediction of low-speed fan noise}
}

@article{URANS_Stephane,
author = {Moreau,Stphane },
title = {Toward the prediction of fan noise: From low‐speed to high‐speed turbomachineries.},
journal = {The Journal of the Acoustical Society of America},
volume = {127},
number = {3},
pages = {1837-1837},
year = {2010},
doi = {10.1121/1.3384291},
URL = {https://doi.org/10.1121/1.3384291},
eprint = {https://doi.org/10.1121/1.3384291}
}


@PHDTHESIS{BEM,
    url = "http://www.theses.fr/2000ISAL0039",
    title = "Prise en compte d'effets météorologiques dans une méthode d'éléments finis de frontière",
    author = "Premat, Eric",
    year = "2000",
    pages = "277",
    school = {INSA Lyon},
    address = {Lyon, France},
}    note = "Thèse de doctorat dirigée par Gabillet, Yannick Acoustique Lyon, INSA 2000",
    note = "2000ISAL0039",

@article{SEA,
    author = "Borello, Gérard",
    title = {{Analyse statistique énergétique (SEA) de l’environnement vibroacoustique - SEA (Statistical Energy Analysis)}},
    journal = "Techniques de l'ingénieur Mesures acoustiques et vibratoires",
    year = "2012",
    number = "ref. article : r6215",
    key = "Modélisation; interactions fluide-structures; Moyennes et hautes fréquences; Industries du transport; bâtiment; environnement; Acoustique; Vibrations; vibrations aléatoires",
    publisher = "Editions T.I.",
    type = "article de base documentaire",
    url = "https://www.techniques-ingenieur.fr/base-documentaire/mesures-analyses-th1/mesures-acoustiques-et-vibratoires-42420210/analyse-statistique-energetique-sea-de-l-environnement-vibroacoustique-r6215/",
    note = "fre",
}

 
@article{Schell_2016,
    author="Alexander Schell and Vincent Cotoni",
    journal="SAE Int. J. Passeng. Cars - Mech. Syst.", 
    publisher="SAE International",
    title="Flow Induced Interior Noise Prediction of a Passenger Car", 
    year="2016",
    month="06",
    volume="9",
    url="https://doi.org/10.4271/2016-01-1809",
    pages="1053-1062",
    abstract="Prediction of flow induced noise in the interior of a passenger car requires accurate representations of both fluctuating surface pressures across the exterior
    of the vehicle and efficient models of the vibro-acoustic transmission of these surface pressures to the driver’s ear. In this paper, aeroacoustic and vibro-acoustic
    methods are combined in order to perform an aero-vibro-acoustic analysis of a Mercedes-Benz A-class. The exterior aero-acoustic method consists of a time domain
    incompressible Detached Eddy Simulation (DES) and an acoustic wave equation. The method is extended in this paper to account for convection effects when modelling the
    exterior sound propagation. The interior vibro-acoustic model consists of a frequency domain Finite Element (FE) model of the side glass combined with a generalized
    Statistical Energy Analysis (SEA) model of the interior cabin. The method is extended in this paper to account for additional geometric details that affect the direct
    and reverberant fields within the cabin. The overall approach is presented and validated against vibro-acoustics tests and wind tunnel measurements for two separate
    mirror designs. The aero-vibro-acoustic method achieves very good results and accurately predicts the change in interior noise resulting from an exterior body design
    change.",
    number="",
    doi="10.4271/2016-01-1809"
} 
 
@misc{OpfUserConfNZE,
    author = {Zerbib, Nicolas and Mebarek, Lassen and Heather, Andrew and Escouflaire, Marie},
    year = {2016},
    month = {10},
    pages = {},
    title = {Use OpenFoam coupled with the Finite Element Method suitable for Computational AeroAcoustics}
}

@article{NACA_Curle,
    author = {Wang, Meng and Lele, Sanjiva K. and Moin, Parviz},
    title = {Computation of quadrupole noise using acoustic analogy},
    journal = {AIAA Journal},
    volume = {34},
    number = {11},
    pages = {2247-2254},
    year = {1996},
    doi = {10.2514/3.13387},
}



@inproceedings{Caro_2005, 
  place={Monterey, California}, 
  title={{A New CAA Formulation Based on Lighthill’s Analogy Applied to an Idealized Automotive HVAC Blower Using AcuSolve and ACTRAN/LA}},
  ISBN={978-1-62410-052-9}, 
  url={http://arc.aiaa.org/doi/10.2514/6.2005-3015}, 
  DOI={10.2514/6.2005-3015},
  booktitle={11th AIAA/CEAS Aeroacoustics Conference}, 
  author={Caro, Stéphane and Ploumhans, Paul and Gallez, Xavier and Sandboge, Robert and Sahkib, Farzin and Matthes, Marcus}, 
  year={2005}, 
  month={May} 
}

@inproceedings{Caro_Sandboge_Iyer_Nishio_2007, 
    title={{Presentation of a CAA Formulation based on Lighthill's Analogy for fan noise}}, 
    author={Caro, Stéphane and Sandboge, Robert and Iyer, Jayanthi and Nishio, Yoshiyuki}, 
    year={2007}, 
    booktitle = {Proceedings of the Conference on Fan Noise},
}

@inproceedings{Caro_2009,
    author = {Caro, Stephane and Detandt, Yves and Manera, Julien and Mendonça, Fred and Toppinga, Reinier},
    year = {2009},
    month = {05},
    pages = {},
    title = {{Validation of a New Hybrid CAA Strategy and Application to the Noise Generated by a Flap in a Simplified HVAC Duct}},
    isbn = {978-1-60086-967-9},
    booktitle = {15th AIAA/CEAS Aeroacoustics Conference (30th AIAA Aeroacoustics Conference)},
    doi = {10.2514/6.2009-3352}
}

@inproceedings{Sandboge_Caro_2006, 
    place={Cambridge, Massachusetts}, 
    title={{Validation of a CAA formulation based on Lighthill’s Analogy using AcuSolve and ACTRAN/LA on an Idealized Automotive HVAC Blower and on an axial fan}}, 
    ISBN={978-1-62410-021-5}, 
    url={http://arc.aiaa.org/doi/10.2514/6.2006-2692}, 
    DOI={10.2514/6.2006-2692}, 
    booktitle={12th AIAA/CEAS Aeroacoustics Conference (27th AIAA Aeroacoustics Conference)}, 
    author={Sandboge, Robert and Caro, Stephane and Ploumhans, Paul and Ambs, Raymond and Schillemeit, Balthasar and Washburn, Karl and Shakib, Farzin}, 
    year={2006}, 
    month={May} 
}

@article{OBERMEIER1985,
    title = "Aerodynamic sound generation caused by viscous processes",
    journal = "Journal of Sound and Vibration",
    volume = "99",
    number = "1",
    pages = "111 - 120",
    year = "1985",
    issn = "0022-460X",
    doi = "https://doi.org/10.1016/0022-460X(85)90448-1",
    url = "http://www.sciencedirect.com/science/article/pii/0022460X85904481",
    author = "F. Obermeier"
}

@inproceedings{LBM_Stephane_Mann,
    author = {Marsan, Aurélien and Lallier-Daniels, Dominic and Sanjosé, Marlène and Moreau, Stéphane and Mann, Adrien},
    year = {2018},
    month = {02},
    pages = {},
    title = {Tip leakage flow and its implication on the acoustic signature of a low-speed fan}
}

@article{RogerEtMoreau,
    title = "Back-scattering correction and further extensions of Amiet's trailing-edge noise model. Part 1: theory",
    journal = "Journal of Sound and Vibration",
    volume = "286",
    number = "3",
    pages = "477 - 506",
    year = "2005",
    issn = "0022-460X",
    doi = "https://doi.org/10.1016/j.jsv.2004.10.054",
    url = "http://www.sciencedirect.com/science/article/pii/S0022460X04009356",
    author = "Michel Roger and Stéphane Moreau"
}

@article{Amiet,
    title = "Noise due to turbulent flow past a trailing edge",
    journal = "Journal of Sound and Vibration",
    volume = "47",
    number = "3",
    pages = "387 - 393",
    year = "1976",
    issn = "0022-460X",
    doi = "https://doi.org/10.1016/0022-460X(76)90948-2",
    url = "http://www.sciencedirect.com/science/article/pii/0022460X76909482",
    author = "R.K. Amiet"
}

@article{RogerEtMoreauApplication,
    author = {Moreau, Stéphane and Roger, Michel},
    year = {2007},
    month = {01},
    pages = {48-57},
    title = {Competing Broadband Noise Mechanisms in Low-Speed Axial Fans},
    volume = {45},
    journal = {AIAA Journal},
    doi = {10.2514/1.14583}
}



@article{Kaltenbacher2020,
    author = {Schoder, Stefan and Kaltenbacher, Manfred},
    title = {Hybrid Aeroacoustic Computations: State of Art and New Achievements},
    journal = {Journal of Theoretical and Computational Acoustics},
    volume = {27},
    number = {04},
    pages = {1950020},
    year = {2019},
    doi = {10.1142/S2591728519500208},
    URL = { 
            https://doi.org/10.1142/S2591728519500208
    },
    eprint = { 
            https://doi.org/10.1142/S2591728519500208
    }
}

@inbook{SchoderMappingAlgo,
author = {Stefan Schoder and Clemens Junger and Michael Weitz and Manfred Kaltenbacher},
title = {Conservative source term interpolation for hybrid aeroacoustic computations},
booktitle = {25th AIAA/CEAS Aeroacoustics Conference},
chapter = {},
pages = {},
doi = {10.2514/6.2019-2538},
URL = {https://arc.aiaa.org/doi/abs/10.2514/6.2019-2538},
eprint = {https://arc.aiaa.org/doi/pdf/10.2514/6.2019-2538}
}

@phdthesis{glilliatJeu,
  TITLE = {{Contribution {\`a} l'{\'e}tude a{\'e}roacoustique des {\'e}coulements de jeu}},
  AUTHOR = {Grilliat, Julien},
  URL = {https://tel.archives-ouvertes.fr/tel-00564497},
  NUMBER = {2009ECDL0034},
  SCHOOL = {{Ecole Centrale de Lyon}},
  YEAR = {2009},
  MONTH = Dec,
  KEYWORDS = {A{\'e}roacoustique ; {\'E}coulements de jeu},
  TYPE = {Theses},
  PDF = {https://tel.archives-ouvertes.fr/tel-00564497/file/These_grilliat_2009_34.pdf},
  HAL_ID = {tel-00564497},
  HAL_VERSION = {v1},
  address = {Lyon, France},
  pages = {215}
}

@article{jeuNarrowband,
    title = "Rotating coherent flow structures as a source for narrowband tip clearance noise from axial fans",
    journal = "Journal of Sound and Vibration",
    volume = "417",
    pages = "198 - 215",
    year = "2018",
    issn = "0022-460X",
    doi = "https://doi.org/10.1016/j.jsv.2017.11.014",
    url = "http://www.sciencedirect.com/science/article/pii/S0022460X17307861",
    author = "Tao Zhu and Dominic Lallier-Daniels and Marlène Sanjosé and Stéphane Moreau and Thomas Carolus",
    keywords = "Aeroacoustics, Axial fans, Tip gap flow, Lattice-Boltzmann method, Modal analysis",
}

@inproceedings{DNSLBMTrailingEdge,
    author = {Stephane Moreau and Marlène Sanjosé and Franck Perot and Min-Suk Kim},
    title = {Direct self-noise simulation of the installed Controlled Diffusion airfoil},
    booktitle = {17th AIAA/CEAS Aeroacoustics Conference (32nd AIAA Aeroacoustics Conference)},
    chapter = {},
    pages = {},
    year = {2019},
    doi = {10.2514/6.2011-2716},
    URL = {https://arc.aiaa.org/doi/abs/10.2514/6.2011-2716},
    eprint = {https://arc.aiaa.org/doi/pdf/10.2514/6.2011-2716}
}

@inproceedings{RPM,
    author = {Roland Ewert},
    title = {{RPM - the fast Random Particle-Mesh method to realize unsteady turbulent sound sources and velocity fields for CAA applications}},
    year = {2007},
    booktitle = {13th AIAA/CEAS Aeroacoustics Conference  (28th AIAA Aeroacoustics Conference)},
    doi = {10.2514/6.2007-3506},
    URL = {https://arc.aiaa.org/doi/abs/10.2514/6.2007-3506},
    eprint = {https://arc.aiaa.org/doi/pdf/10.2514/6.2007-3506}
}

@conference{YvonAmiet,
    author = {Legros, Maxime and Goth, Yvon and Guédel, Alain},
    title = {{Fan Noise Prediction From Local Experimental Source Term And Numerical Sound Propagation}},
    year = {2015}, 
    booktitle = {Fan 2015},
}

@article{TIintro,
    author = "Pardo, Louis-Ferdinand and Anfosso Lédée, Fabienne",
    title = "Bruit des véhicules et du trafic routier Impact et enjeux des évolutions réglementaires et normatives",
    journal = "Techniques de l'ingénieur Acoustique des transports",
    year = "2016",
    volume = "base documentaire : TIB523DUO.",
    number = "ref. article : br2056",
    key = "état de l'art; Bruit extérieur; environnement; acoustique; véhicules routiers",
    publisher = "Editions T.I.",
    type = "article de base documentaire",
    eprint = "base documentaire : TIB523DUO.",
    type = "base documentaire",
    url = "https://www.techniques-ingenieur.fr/base-documentaire/environnement-securite-th5/acoustique-des-transports-42523210/bruit-des-vehicules-et-du-trafic-routier-br2056/",
    note = "fre",
}

@article{Guedel_2002_2_old,
    author = "Guédel, Alain",
    title = "Bruit des ventilateurs Partie 2",
    journal = "Techniques de l'ingénieur, Acoustique : mesures, contrôle, applications",
    year = "2002",
    volume = " TIB423DUO - bm4178",
    publisher = "Editions T.I.",
    type = "article de base documentaire",
    eprint = "base documentaire : TIB423DUO.",
    url = "https://www.techniques-ingenieur.fr/base-documentaire/environnement-securite-th5/acoustique-mesures-controle-applications-42423210/bruit-des-ventilateurs-bm4178/",
    note = "fre",
}
@article{Guedel_2002_2,
    author = "Guédel, Alain",
    title = "Bruit des ventilateurs Partie 2",
    journal = "Acoustique : mesures, contrôle, applications",
    year = "2002",
    volume = "TIB423DUO",
    number = "ref. article : bm4178",
    publisher = "Editions T.I.",
    type = "article de base documentaire",
    eprint = "base documentaire : TIB423DUO.",
    url = "https://www.techniques-ingenieur.fr/base-documentaire/environnement-securite-th5/acoustique-mesures-controle-applications-42423210/bruit-des-ventilateurs-bm4178/",
    note = "fre",
}
GUÉDEL, Alain., 10 avr. 2002, « Bruit des ventilateurs Partie 2 ». Dans : « Acoustique : mesures, contrôle, applications », [en ligne], Editions T.I. [Paris, France], 2020, bm4178, [Consulté le 21/07/2020], TIB423DUO, [base de données en ligne], disponible à l'adresse : https://www.techniques-ingenieur.fr/base-documentaire/environnement-securite-th5/acoustique-mesures-controle-applications-42423210/bruit-des-ventilateurs-bm4178/   

@misc{LBM_TI,
    author = "Martin, Sylvain and Bonnefoy, Olivier",
    title = {{Méthode de Boltzmann sur réseau - Application à la mécanique des fluides}},
    year = "2019",
    publisher = "Editions T.I.",
    howpublished = {ref. article : bm5220},
    type = "article de base documentaire",
    url = "https://www.techniques-ingenieur.fr/base-documentaire/sciences-fondamentales-th8/methodes-numeriques-42105210/methode-de-boltzmann-sur-reseau-bm5220/",
    note = "fre",

}number = "ref. article : bm5220",
MARTIN, Sylvain et BONNEFOY, Olivier., 10 déc. 2019, « Méthode de Boltzmann sur réseau Application à la mécanique des fluides ». , [en ligne], Editions T.I. [Paris, France], 2020, bm5220, [Consulté le 22/07/2020], , [base de données en ligne], disponible à l'adresse : https://www.techniques-ingenieur.fr/base-documentaire/sciences-fondamentales-th8/methodes-numeriques-42105210/methode-de-boltzmann-sur-reseau-bm5220/   


@inbook{
    Kaltenbacher_Escobar_Becker_Ali_2008, 
    place={Berlin, Heidelberg}, 
    chapter={{Computational Aeroacoustics based on Lighthill’s Acoustic Analogy}},
    ISBN={978-3-540-77447-1}, 
    url={http://link.springer.com/10.1007/978-3-540-77448-8_5}, 
    DOI={10.1007/978-3-540-77448-8_5}, 
    title={Computational Acoustics of Noise Propagation in Fluids - Finite and Boundary Element Methods}, 
    publisher={Springer Berlin Heidelberg}, 
    author={Kaltenbacher, Manfred and Escobar, Max and Becker, Stefan and Ali, Irfan}, 
    year={2008}, 
    pages={115–142} 
}


@conference{Kaltenbacher_Huppe_2016,
    title = "Simulation Environment for the Computation of Aeroacoustic Noise Generated by Rotating Systems",
    author = "Manfred Kaltenbacher and Andreas H{\"u}ppe and Aaron Reppenhagen and Bernhard Brandst{\"a}tter and Stefan Becker",
    year = "2016",
    language = "English",
    booktitle = "DAGA 2016 – 42. Deutsche Jahrestagung f{\"u}r Akustik",
    publisher = {},
}


@book{femELF,
    author = {Dhatt, Gouri and Touzot, Gilbert and Lefrançois, Emmanuel},
    year = {2015},
    month = {01},
    pages = {602},
    title = {Méthode des Éléments Finis},
    isbn = {2-7462-0979-9}
}

@techreport{BrooksNasa_SelfNoise,
  author      = "Brooks, Thomas F. and Pope, D. Stuart and Marcolini, Michael A. ",
  title       = "Airfoil self-noise and prediction",
  institution = "NASA",
  year        = "1989"
}

@article{SpuriousNoiseOpenFOAM_raf,
title = {Spurious noise in direct noise computation with a finite volume method for automotive applications},
journal = {International Journal of Heat and Fluid Flow},
volume = {72},
pages = {243-256},
year = {2018},
issn = {0142-727X},
doi = {https://doi.org/10.1016/j.ijheatfluidflow.2018.06.008},
url = {https://www.sciencedirect.com/science/article/pii/S0142727X18302923},
author = {Ali H. Dawi and Rinie A.D. Akkermans},
keywords = {Direct noise computation, Spurious noise, Kirchhoff integral, Side mirror, Refinement interfaces},
abstract = {The present paper represents a study on spurious noise generated in direct noise computation using finite volume methods. Different sources of spurious noise are examined as well as the mechanism of their generation. This investigation involves two test cases. The first one consists of a turbulence box convected by a uniform flow field. This case serves to identify spurious noise sources and qualitatively evaluate their relevance. The second test case involves a single side mirror mounted on a flat plate, which serves to quantify the level of spurious noise produced and its relevance compared to physical sound generated by the flow past the mirror. Both test cases are calculated using a compressible flow solver for low Mach-number flows utilised with an IDDES approach for turbulence modelling. A new acoustic damping model which damps out acoustic waves without affecting hydrodynamic turbulent fluctuations has been implemented. Furthermore, special emphasis on refinement interfaces is given. Since no measurements are available, the results of the direct noise computation are compared to the results of a method based on Kirchhoff integral.}
}

































%%% pas forcément utilisé...... 

 @article{Kaltenbacher_2016, 
    title={Simulation Environment for the Computation of Aeroacoustic Noise Generated by Rotating Systems}, 
    author={Kaltenbacher, M and Hüppe, A and Reppenhagen, A and Brandstätter, B and Becker, S}, 
    year={2016}, 
    pages={4} 
 }

@article{
    Valier-Brasier, 
    title={Rayonnement acoustique}, 
    author={Valier-Brasier, Tony}, 
    pages={25} 
}

@misc{
    Gloerfelt::noiseFromAutomotiveComponents,
    author = {Gloerfelt, Xavier},
    journal= {},
    year = {2009},
    month = {01},
    pages = {},
    title = {NOISE FROM AUTOMOTIVE COMPONENTS}
}
@article{
    Guedel_2002_1, 
    title={Bruit des ventilateurs - Partie 1}, 
    author={Guédel, Alain}, 
    year={2002}, 
    pages={14} 
}
@article{
    Guedel_2002_2_old, 
    title={Bruit des ventilateurs - Partie 2}, 
    author={Guédel, Alain}, 
    year={2002}, 
    pages={28} 
}

@article{
    Montigny-Rannou, 
    title={Simulation numérique en aérodynamique}, 
    author={Montigny-Rannou, Françoise}, 
    year={2014}, 
}


@article{
    Lewy::2011,
    author = "LÉWY, Serge",
    title = "Aéroacoustique numérique : modélisation et simulation des sources sonores et de leur rayonnement",
    journal = "Techniques de l'ingénieur Acoustique des transports",
    year = "2011",
    volume = "base documentaire : TIB523DUO.",
    number = "ref. article : br2022",
    publisher = "Editions T.I.",
    eprint = "base documentaire : TIB523DUO.",
    type = "base documentaire",
    url = "https://www.techniques-ingenieur.fr/base-documentaire/environnement-securite-th5/acoustique-des-transports-42523210/aeroacoustique-numerique-modelisation-et-simulation-des-sources-sonores-et-de-leur-rayonnement-br2022/",
    note = "fre",
}


@article{
    Kaltenbacher_Huppe_2016_old, 
    title={Simulation Environment for the Computation of Aeroacoustic Noise Generated by Rotating Systems},
    author={Kaltenbacher, M and Hã, A}, 
    year={2016}, 
    pages={4}
}



@phdthesis{
    Tautz_FAU, 
    title={Aeroacoustic Noise Prediction of Automotive HVAC Systems}, author={Tautz, Matthias and FAU University Press ein Imprint der Universität Erlangen-Nürnberg and Universitätsbibliothek}, 
    year={2019}
}


@article
{
    Farrel::2011,
    title = "Conservative interpolation between volume meshes by local Galerkin projection",
    journal = "Computer Methods in Applied Mechanics and Engineering",
    volume = "200",
    number = "1",
    pages = "89 - 100",
    year = "2011",
    issn = "0045-7825",
    doi = "https://doi.org/10.1016/j.cma.2010.07.015",
    url = "http://www.sciencedirect.com/science/article/pii/S0045782510002276",
    author = "P.E. Farrell and J.R. Maddison",
    keywords = "Interpolation, Conservation, Supermesh, Discontinuous Galerkin, Galerkin projection",
    abstract = "The problem of interpolating between discrete fields arises frequently in computational physics. The obvious approach, consistent interpolation, has several drawbacks such as suboptimality, non-conservation, and unsuitability for use with discontinuous discretisations. An alternative, Galerkin projection, remedies these deficiencies; however, its implementation has proven very challenging. This paper presents an algorithm for the local implementation of Galerkin projection of discrete fields between meshes. This algorithm extends naturally to three dimensions and is very efficient."
}


@misc
{
    Kaltenbacher::DAGA2016,
    title = "Simulation Environment for the Computation of Aeroacoustic Noise Generated by Rotating Systems",
    author = "Manfred Kaltenbacher and Andreas H{\"u}ppe and Aaron Reppenhagen and Bernhard Brandst{\"a}tter and Stefan Becker",
    year = "2016",
    language = "English",
    note = "DAGA 2016 – 42. Deutsche Jahrestagung f{\"u}r Akustik ; Conference date: 14-03-2015 Through 17-03-2016",
}

@article
{
    abom::2NPorts,
    author = {Garnell, Emil and Banwell, Guy and Abom, Mats},
    year = {2018},
    month = {11},
    pages = {155-163},
    title = {The use of the two-port method to characterize high-speed small fans},
    volume = {146},
    journal = {Applied Acoustics},
    doi = {10.1016/j.apacoust.2018.11.005}
}


@misc
{
    Caro::2005,
    author = {Caro, Stephane and Ploumhans, Paul and Gallez, Xavier and Sandboge, Robert and Shakib, Farzin and Matthes, Marcus},
    year = {2005},
    month = {05},
    pages = {},
    title = {A New CAA Formulation based on Lighthill's Analogy applied to an Idealized Automotive HVAC Blower using AcuSolve and Actran/LA},
    doi = {10.2514/6.2005-3015}
}

@misc{
    OpfUserConfNZE,
    author = {Zerbib, Nicolas and Mebarek, Lassen and Heather, Andrew and Escouflaire, Marie},
    year = {2016},
    month = {10},
    pages = {},
    title = {Use OpenFoam coupled with the Finite Element Method suitable for Computational AeroAcoustics}
}

%%%%%%%%%% - LES LIVRES - %%%%%%%%%%%%%%%%%%%%%%%%%%%%%%%%%%%%%


@book{ 
    ELF_FEM,  
    title={Méthode des éléments finis}, 
    ISBN={978-2-7462-0979-4}, 
    publisher={Hermes Science Publications}, 
    author={Dhatt, Gouri and Touzot, Gilbert and Lefrançois, Emmanuel}, 
    year={2005}, 
    month={Jun} 
    }

@book{	ref2,
	author={Dupont, Fernand},
	title={Les choux farcis},
	publisher={Un gros éditeur},
	year={2004}
}

@book
{	FEM_electromag,
	author  ={Jin, Jianming},
	title   ={The finite element method in electromagnetics},
	publisher={John Wiley \& Sons, Inc},
	year    ={2002},
	url     ={https://www.scribd.com/document/140983938/The-Finite-Element-Method-in-Electromagnetics-2nd-Edition},
	note    ={p 179}
}


%%%%%%%%%% - LES DOCUMENTS TECHNIQUES - %%%%%%%%%%%%%%%%%%%%%%%%%

@manual
{
	ref3,
	title={Réparer son vaisseau},
	author={Dupont, Nestor},
	year={2009},
	organization={L'Alliance}
}

@manual
{
    octave,
    title     = {{GNU Octave} version 4.2.1 manual: a high-level interactive language for numerical computations},
    author    = {John W. Eaton and David Bateman and S{\o}ren Hauberg and Rik Wehbring},
    year      = {2017},
    url       = {https://www.gnu.org/software/octave/doc/v4.2.1/},
}
@manual
{
    OpenFOAM:OpenCFD,
    title     = {{OpenFOAM} v1806 manual: the open source CFD toolbox},
    author    = {OpenCFD},
    year      = {2018},
    url       = {https://openfoam.com/documentation/guides/latest/doc/index.html},
}
@manual
{
    OpenFOAM:opfFoundation,
    year      = {2018},
    title     = {OpenFOAM v6 User Guide},
    author    = {The OpenFOAM Foundation},
    url       = {https://cfd.direct/openfoam/user-guide},
}

@manual
{
    Aster_fonctionsDeForme,
    year      = {2013},
    title     = {Fonctions de forme et points d'intégration des éléments finis},
    author    = {Delmas, Josselin},
    url       = {https://www.code-aster.org/V2/doc/v12/fr/man_r/r3/r3.01.01.pdf}
}
%%%%%%%%%% - LES SITES ET AUTRES DIVERS INCLASSABLES - %%%%%%%%%%

@misc
{
	ref4,
	author={Les Zéros},
	title={Le site du zéro},
	month={jun},
	year={2009},
	note={www.siteduzero.com}
}





%%%%%%%%%% - LES THESE - %%%%%%%%%%%%%%%%%%%%%%%%%%%%%%%%%%%%%%%%

@phdthesis
{
	ref5,
	title={La belle thèse},
	author={Barbu, Monsieur},
	school={Université},
	year={2002}
}



@phdthesis{
    gonzalez::2013,
    TITLE = {{Numerical resolutions of the Lighthill equation by finite element method and integral equations to estimate the noise propagated by flow in ducts}},
    AUTHOR = {Gonzalez, S{\'e}bastien},
    URL = {https://tel.archives-ouvertes.fr/tel-00935471},
    NUMBER = {2013COMP2087},
    SCHOOL = {{Universit{\'e} de Technologie de Compi{\`e}gne}},
    YEAR = {2013},
    MONTH = Jun,
    KEYWORDS = {Equation de Lighthill ; M{\'e}thode hybride ; M{\'e}thode int{\'e}grale ; Rayonnement acoustique},
    TYPE = {Theses},
    PDF = {https://tel.archives-ouvertes.fr/tel-00935471/file/These_UTC_Sebastien_Gonzalez.pdf},
    HAL_ID = {tel-00935471},
    HAL_VERSION = {v1},
}







%%%%%%%%%% - LES ARTICLES NON PUBLIES - %%%%%%%%%%%%%%%%%%%%%%%%

@unpublished
{
	ref6,
	author={Mauvais, Monsieur},
	title={Mon roman inachevé},
	note={il est chouette mon roman},
	year={2000},
	month={feb}
}



